<record xmlns:xsi="http://www.w3.org/2001/XMLSchema-instance" xmlns="http://www.loc.gov/MARC21/slim" xsi:schemaLocation="http://www.loc.gov/MARC21/slim http://www.loc.gov/standards/marcxml/schema/MARC21slim.xsd">

  <leader>00774nam a2200193Ia 4500</leader>
  <datafield ind2=" " tag="090" ind1=" ">
    <subfield code="a">CD #183</subfield>
  </datafield>
  <datafield ind2=" " tag="100" ind1=" ">
    <subfield code="a">Gutiérrez Rojas, Marisol</subfield>
  </datafield>
  <datafield ind2=" " tag="245" ind1=" ">
    <subfield code="a">La apropiación educativa de las telenovelas en los procesos educomunicativos     formales: Una lectura desde las percepciones de un segmento de la población adolescente escolarizada urbana costarricense (disco compacto)</subfield>
  </datafield>
  <datafield ind1=" " ind2=" " tag="260">
    <subfield code="a">San José, Costa Rica : </subfield>
    <subfield code="b"> M. Gutiérrez R., </subfield>
    <subfield code="c">2008</subfield>
  </datafield>
  <datafield ind2=" " tag="300" ind1=" ">
    <subfield code="a">12 cm. de diámetro</subfield>
  </datafield>
  <datafield tag="502" ind2=" " ind1=" ">
    <subfield code="a">Tesis (doctor en educación)--Universidad de Costa Rica. Sistema de Estudios de Posgrado</subfield>
  </datafield>
  <datafield ind1=" " tag="650" ind2=" ">
    <subfield code="a">EDUCACIÓN</subfield>
  </datafield>
  <datafield ind1=" " ind2=" " tag="650">
    <subfield code="a">TELEVISIÓN</subfield>
  </datafield>
  <datafield ind2=" " tag="650" ind1=" ">
    <subfield code="a">NOVELAS</subfield>
  </datafield>
  <datafield ind2=" " tag="650" ind1=" ">
    <subfield code="a">COMUNICACIÓN</subfield>
  </datafield>
  <datafield tag="650" ind2=" " ind1=" ">
    <subfield code="a">ADOLESCENTES ESCOLARIDAD</subfield>
  </datafield>
  <datafield ind2=" " tag="650" ind1=" ">
    <subfield code="a">ASPECTOS SOCIALES</subfield>
  </datafield>
  <datafield ind1=" " ind2=" " tag="942">
    <subfield code="p">003406 </subfield>
  </datafield>
  <datafield tag="999" ind2=" " ind1=" ">
    <subfield code="c">2460</subfield>
    <subfield code="d">2460</subfield>
  </datafield>
</record>